
@inproceedings{gramoli_more_2015,
	title = {More than you ever wanted to know about synchronization: synchrobench, measuring the impact of the synchronization on concurrent algorithms},
	isbn = {978-1-4503-3205-7},
	shorttitle = {More than you ever wanted to know about synchronization},
	url = {http://dl.acm.org/citation.cfm?doid=2688500.2688501},
	doi = {10.1145/2688500.2688501},
	language = {en},
	urldate = {2015-08-05},
	publisher = {ACM Press},
	author = {Gramoli, Vincent},
	year = {2015},
	pages = {1--10},
	file = {Gramoli - 2015 - More than you ever wanted to know about synchroniz.pdf:/home/markus/downloads/Gramoli - 2015 - More than you ever wanted to know about synchroniz.pdf:application/pdf}
}

@article{nurmi_chromatic_1996,
	title = {Chromatic binary search trees},
	volume = {33},
	issn = {0001-5903, 1432-0525},
	url = {http://link.springer.com/10.1007/s002360050057},
	doi = {10.1007/s002360050057},
	number = {6},
	urldate = {2015-08-06},
	journal = {Acta Informatica},
	author = {Nurmi, Otto and Soisalon-Soininen, Eljas},
	month = sep,
	year = {1996},
	pages = {547--557},
	file = {Nurmi and Soisalon-Soininen - 1996 - Chromatic binary search trees.pdf:/home/markus/downloads/Nurmi and Soisalon-Soininen - 1996 - Chromatic binary search trees.pdf:application/pdf}
}

@incollection{goos_identifying_2000,
	address = {Berlin, Heidelberg},
	title = {On {Identifying} {Strongly} {Connected} {Components} in {Parallel}},
	volume = {1800},
	isbn = {978-3-540-67442-9 978-3-540-45591-2},
	url = {http://link.springer.com/10.1007/3-540-45591-4_68},
	urldate = {2015-06-17},
	booktitle = {Parallel and {Distributed} {Processing}},
	publisher = {Springer Berlin Heidelberg},
	author = {Fleischer, Lisa K. and Hendrickson, Bruce and Pınar, Ali},
	editor = {Goos, Gerhard and Hartmanis, Juris and van Leeuwen, Jan and Rolim, José},
	year = {2000},
	pages = {505--511},
	file = {Fleischer et al. - 2000 - On Identifying Strongly Connected Components in Pa.pdf:/home/markus/.mozilla/firefox/wqrjjzld.afsdfhgdf/zotero/storage/FHM742XM/Fleischer et al. - 2000 - On Identifying Strongly Connected Components in Pa.pdf:application/pdf}
}

@article{sleator_data_1983,
	title = {A data structure for dynamic trees},
	volume = {26},
	issn = {00220000},
	url = {http://linkinghub.elsevier.com/retrieve/pii/0022000083900065},
	doi = {10.1016/0022-0000(83)90006-5},
	language = {en},
	number = {3},
	urldate = {2015-07-01},
	journal = {Journal of Computer and System Sciences},
	author = {Sleator, Daniel D. and Endre Tarjan, Robert},
	month = jun,
	year = {1983},
	pages = {362--391},
	file = {Sleator and Endre Tarjan - 1983 - A data structure for dynamic trees.pdf:/home/markus/.mozilla/firefox/wqrjjzld.afsdfhgdf/zotero/storage/IFS424KS/Sleator and Endre Tarjan - 1983 - A data structure for dynamic trees.pdf:application/pdf}
}

@incollection{werneck_dynamic_2008,
	title = {Dynamic {Trees}},
	url = {http://link.springer.com/10.1007/978-0-387-30162-4_121},
	urldate = {2015-07-01},
	booktitle = {Encyclopedia of {Algorithms}},
	publisher = {Springer},
	author = {Werneck, Renato F.},
	year = {2008},
	pages = {260--264},
	file = {Werneck - 2008 - Dynamic Trees.pdf:/home/markus/.mozilla/firefox/wqrjjzld.afsdfhgdf/zotero/storage/WQVZT2VR/Werneck - 2008 - Dynamic Trees.pdf:application/pdf}
}

@inproceedings{miller_parallel_1985,
	title = {Parallel tree contraction and its application},
	isbn = {978-0-8186-0644-1},
	url = {http://ieeexplore.ieee.org/lpdocs/epic03/wrapper.htm?arnumber=4568174},
	doi = {10.1109/SFCS.1985.43},
	urldate = {2015-07-01},
	publisher = {IEEE},
	author = {Miller, Gary L. and Reif, John H.},
	year = {1985},
	pages = {478--489},
	file = {Miller and Reif - 1985 - Parallel tree contraction and its application.pdf:/home/markus/.mozilla/firefox/wqrjjzld.afsdfhgdf/zotero/storage/JB7HKGF2/Miller and Reif - 1985 - Parallel tree contraction and its application.pdf:application/pdf}
}

@article{morrison_concurrent_????,
	title = {Concurrent {Search} {Tree} by {Lazy} {Splaying}},
	url = {http://www.cs.tau.ac.il/~afek/LazySplaying.pdf},
	urldate = {2015-07-01},
	author = {Morrison, Yehuda Afek Boris Korenfeld Adam},
	file = {Morrison - Concurrent Search Tree by Lazy Splaying.pdf:/home/markus/.mozilla/firefox/wqrjjzld.afsdfhgdf/zotero/storage/GWX3I6V9/Morrison - Concurrent Search Tree by Lazy Splaying.pdf:application/pdf}
}

@book{mehta_handbook_2005,
	address = {Boca Raton, Fla},
	series = {Chapman \& {Hall}/{CRC} computer and information science series},
	title = {Handbook of data structures and applications},
	isbn = {978-1-58488-435-4},
	publisher = {Chapman \& Hall/CRC},
	editor = {Mehta, Dinesh P. and Sahni, Sartaj},
	year = {2005},
	keywords = {Data structures (Computer science), System design}
}

@book{kao_encyclopedia_2007,
	address = {New York ; London},
	series = {Springer reference},
	title = {Encyclopedia of algorithms},
	isbn = {978-0-387-30770-1},
	publisher = {Springer},
	editor = {Kao, M. Y.},
	year = {2007},
	keywords = {Algorithms},
	file = {Kao - 2007 - Encyclopedia of algorithms.pdf:/home/markus/.mozilla/firefox/wqrjjzld.afsdfhgdf/zotero/storage/BBRR3J5K/Kao - 2007 - Encyclopedia of algorithms.pdf:application/pdf}
}

@phdthesis{korenfeld_cbtree:_2012,
	title = {{CBTree}: {A} {Practical} {Concurrent} {Self}-{Adjusting} {Search} {Tree}},
	shorttitle = {{CBTree}},
	url = {http://www.cs.tau.ac.il/thesis/thesis/Korenfeld.Boris-MSc.thesis.pdf},
	urldate = {2015-07-01},
	school = {Tel Aviv University},
	author = {Korenfeld, Boris},
	year = {2012},
	file = {Korenfeld - 2012 - CBTree A Practical Concurrent Self-Adjusting Sear.pdf:/home/markus/.mozilla/firefox/wqrjjzld.afsdfhgdf/zotero/storage/VNBQK4FF/Korenfeld - 2012 - CBTree A Practical Concurrent Self-Adjusting Sear.pdf:application/pdf}
}

@inproceedings{bronson_practical_2010,
	title = {A practical concurrent binary search tree},
	volume = {45},
	url = {http://dl.acm.org/citation.cfm?id=1693488},
	urldate = {2015-07-01},
	booktitle = {{ACM} {Sigplan} {Notices}},
	publisher = {ACM},
	author = {Bronson, Nathan G. and Casper, Jared and Chafi, Hassan and Olukotun, Kunle},
	year = {2010},
	pages = {257--268},
	file = {Bronson et al. - 2010 - A practical concurrent binary search tree.pdf:/home/markus/.mozilla/firefox/wqrjjzld.afsdfhgdf/zotero/storage/DXNHGDP6/Bronson et al. - 2010 - A practical concurrent binary search tree.pdf:application/pdf}
}

@incollection{kim_data_2008,
	title = {Data {Migration}},
	url = {http://link.springer.com/10.1007/978-0-387-30162-4_98},
	urldate = {2015-07-01},
	booktitle = {Encyclopedia of {Algorithms}},
	publisher = {Springer},
	author = {Kim, Yoo-Ah},
	year = {2008},
	pages = {217--220},
	file = {Kim - 2008 - Data Migration.pdf:/home/markus/.mozilla/firefox/wqrjjzld.afsdfhgdf/zotero/storage/JI8AQ7PI/Kim - 2008 - Data Migration.pdf:application/pdf}
}

@book{werneck_design_2006,
	title = {Design and analysis of data structures for dynamic trees},
	url = {ftp://ftp.cs.princeton.edu/techreports/2006/750.pdf},
	urldate = {2015-07-01},
	publisher = {Princeton University},
	author = {Werneck, Renato F.},
	year = {2006},
	file = {Werneck - 2006 - Design and analysis of data structures for dynamic.pdf:/home/markus/.mozilla/firefox/wqrjjzld.afsdfhgdf/zotero/storage/C7WTB4JS/Werneck - 2006 - Design and analysis of data structures for dynamic.pdf:application/pdf}
}

@book{lanin_tree_1990,
	title = {Tree locking on changing trees},
	url = {http://www.cs.nyu.edu/web/Research/TechReports/TR1990-503/TR1990-503.pdf},
	urldate = {2015-07-01},
	publisher = {New York University, Department of Computer Science, Courant Institute of Mathematical Science},
	author = {Lanin, Vladimir and Shasha, Dennis},
	year = {1990},
	file = {Lanin and Shasha - 1990 - Tree locking on changing trees.pdf:/home/markus/.mozilla/firefox/wqrjjzld.afsdfhgdf/zotero/storage/A6IFQRSF/Lanin and Shasha - 1990 - Tree locking on changing trees.pdf:application/pdf}
}

@article{alberts_implementation_1995,
	title = {Implementation of the dynamic connectivity algorithm by {Monika} {Rauch} {Henzinger} and {Valerie} {King}},
	url = {http://edocs.fu-berlin.de/docs/servlets/MCRFileNodeServlet/FUDOCS_derivate_000000000289/tr-b-95-10.pdf},
	urldate = {2015-07-01},
	author = {Alberts, David},
	year = {1995},
	file = {Alberts - 1995 - Implementation of the dynamic connectivity algorit.pdf:/home/markus/.mozilla/firefox/wqrjjzld.afsdfhgdf/zotero/storage/6IQXFGHU/Alberts - 1995 - Implementation of the dynamic connectivity algorit.pdf:application/pdf}
}

@article{tarjan_dynamic_2009,
	title = {Dynamic trees in practice},
	volume = {14},
	url = {http://dl.acm.org/citation.cfm?id=1594231},
	urldate = {2015-07-03},
	journal = {Journal of Experimental Algorithmics (JEA)},
	author = {Tarjan, Robert E. and Werneck, Renato F.},
	year = {2009},
	pages = {5},
	file = {Tarjan and Werneck - 2009 - Dynamic trees in practice.pdf:/home/markus/.mozilla/firefox/wqrjjzld.afsdfhgdf/zotero/storage/T5RUQC4U/Tarjan and Werneck - 2009 - Dynamic trees in practice.pdf:application/pdf}
}

@inproceedings{golan-gueta_automatic_2011,
	title = {Automatic fine-grain locking using shape properties},
	volume = {46},
	url = {http://dl.acm.org/citation.cfm?id=2048086},
	urldate = {2015-07-03},
	booktitle = {{ACM} {SIGPLAN} {Notices}},
	publisher = {ACM},
	author = {Golan-Gueta, Guy and Bronson, Nathan and Aiken, Alex and Ramalingam, G. and Sagiv, Mooly and Yahav, Eran},
	year = {2011},
	pages = {225--242},
	file = {Golan-Gueta et al. - 2011 - Automatic fine-grain locking using shape propertie.pdf:/home/markus/.mozilla/firefox/wqrjjzld.afsdfhgdf/zotero/storage/E22U9CQE/Golan-Gueta et al. - 2011 - Automatic fine-grain locking using shape propertie.pdf:application/pdf}
}